<record><leader>00000cas a2200000 i 4500</leader><controlfield tag="001">905545793</controlfield><controlfield tag="008">150324d18uu18uumsuuu nea     0    0eng c</controlfield><datafield ind1=" " ind2=" " tag="010"><subfield code="a">  2015227930</subfield></datafield><datafield ind1=" " ind2=" " tag="040"><subfield code="a">NDD</subfield><subfield code="b">eng</subfield><subfield code="e">rda</subfield><subfield code="c">NDD</subfield><subfield code="d">NDD</subfield><subfield code="d">OCLCF</subfield><subfield code="d">OCLCA</subfield></datafield><datafield ind1=" " ind2=" " tag="042"><subfield code="a">pcc</subfield></datafield><datafield ind1="0" ind2="0" tag="245"><subfield code="a">Natchez, Mississippi Newspapers.</subfield></datafield><datafield ind1="1" ind2=" " tag="246"><subfield code="a">Weekly Courier &amp; Journal</subfield></datafield><datafield ind1="1" ind2=" " tag="246"><subfield code="a">Weekly Courier and Journal</subfield></datafield><datafield ind1="1" ind2=" " tag="246"><subfield code="a">Mississippi free trader &amp; Natchez daily gazette</subfield></datafield><datafield ind1="1" ind2=" " tag="246"><subfield code="a">Mississippi free trader and Natchez daily gazette</subfield></datafield><datafield ind1="1" ind2=" " tag="246"><subfield code="a">Mississippi free trader and Natchez gazette</subfield></datafield><datafield ind1="1" ind2=" " tag="246"><subfield code="a">Mississippi free trader &amp; Natchez gazette.</subfield></datafield><datafield ind1="1" ind2=" " tag="246"><subfield code="a">Natchez Cutter</subfield></datafield><datafield ind1=" " ind2="1" tag="264"><subfield code="a">Natchez, Mississippi</subfield></datafield><datafield ind1=" " ind2=" " tag="300"><subfield code="a">volumes</subfield></datafield><datafield ind1=" " ind2=" " tag="336"><subfield code="a">text</subfield><subfield code="b">txt</subfield><subfield code="2">rdacontent</subfield></datafield><datafield ind1=" " ind2=" " tag="337"><subfield code="a">microform</subfield><subfield code="b">h</subfield><subfield code="2">rdamedia</subfield></datafield><datafield ind1=" " ind2=" " tag="338"><subfield code="a">microfilm reel</subfield><subfield code="b">hd</subfield><subfield code="2">rdacarrier</subfield></datafield><datafield ind1="1" ind2=" " tag="362"><subfield code="a">Weekly Courier &amp; Journal: Ceased with v. 19, no. 40 (Sept. 27, 1848). Mississippi Free Trader &amp; Natchez Gazette: Began with Vol. 1, no. 1 (January 1, 1838); ceased with v. 6, no. 198 (August 23, 1843). Natchez Cutter: Began in 1841? Mississippi free trader and Natchez gazette (Natchez, Miss. : 1843): Began with: Vol. 7, no. 1 (Aug. 26, 1843); ceased with: v. 14, no. 35 (June 11, 1851).</subfield></datafield><datafield ind1=" " ind2=" " tag="533"><subfield code="a">Microfilm.</subfield><subfield code="b">Jackson, MS :</subfield><subfield code="c">United States Newspaper Program</subfield><subfield code="m">Weekly Courier &amp; Journal: June 22, 1838; March 11- May 13, 1841.</subfield><subfield code="m">Mississippi Free Trader &amp; Natchez Gazette: June 7, 1838- October 16, 1841.</subfield><subfield code="m">Natchez Cutter: March 12, 1841- May 21, 1841.</subfield><subfield code="m">Mississippi free trader and Natchez gazette (Natchez, Miss. : 1843): January 2, 1845- July 30, 1846.</subfield></datafield><datafield ind1=" " ind2="0" tag="651"><subfield code="a">Natchez (Miss.)</subfield><subfield code="v">Newspapers.</subfield></datafield><datafield ind1=" " ind2="7" tag="655"><subfield code="a">Newspapers.</subfield><subfield code="2">fast</subfield><subfield code="0">(OCoLC)fst01423814</subfield></datafield><datafield ind1=" " ind2="7" tag="651"><subfield code="a">Mississippi</subfield><subfield code="z">Natchez.</subfield><subfield code="2">fast</subfield><subfield code="0">(OCoLC)fst01204961</subfield></datafield><datafield ind1=" " ind2=" " tag="752"><subfield code="a">United States</subfield><subfield code="b">Mississippi</subfield><subfield code="c">Adams</subfield><subfield code="d">Natchez.</subfield></datafield><datafield ind1="0" ind2="8" tag="776"><subfield code="i">Print version:</subfield><subfield code="t">Weekly courier &amp; journal</subfield><subfield code="w">(DLC)sn 85038596</subfield><subfield code="w">(OCoLC)12847629</subfield></datafield><datafield ind1="0" ind2="8" tag="776"><subfield code="i">Print version:</subfield><subfield code="t">Mississippi free trader and Natchez daily gazette</subfield><subfield code="w">(DLC)sn 83016857</subfield><subfield code="w">(OCoLC)10176419</subfield></datafield><datafield ind1="0" ind2="8" tag="776"><subfield code="i">Print version:</subfield><subfield code="t">Natchez cutter</subfield><subfield code="w">(DLC)sn 90056036</subfield><subfield code="w">(OCoLC)22351255</subfield></datafield><datafield ind1="0" ind2="8" tag="776"><subfield code="i">Print version:</subfield><subfield code="t">Mississippi free trader and Natchez gazette (Natchez, Miss. : 1843)</subfield><subfield code="w">(DLC)sn 83016919</subfield><subfield code="w">(OCoLC)10204873</subfield></datafield></record>